% Claire's Scientific Reports classification paper bibliography

@article{goda2013dispersive,
  title={Dispersive Fourier transformation for fast continuous single-shot measurements},
  author={Goda, K and Jalali, B},
  journal={Nature Photonics},
  volume={7},
  number={2},
  pages={102--112},
  year={2013},
  publisher={Nature Publishing Group}
}

@article{coppinger1998time,
  title={Time magnification of electrical signals using chirped optical pulses},
  author={Coppinger, F and Bhushan, AS and Jalali, B},
  journal={Electronics Letters},
  volume={34},
  number={4},
  pages={399--400},
  year={1998},
  publisher={IET}
}

@article{kelkar1999time,
  title={Time-domain optical sensing},
  author={Kelkar, PV and Coppinger, F and Bhushan, AS and Jalali, B},
  journal={Electronics Letters},
  volume={35},
  number={19},
  pages={1661--1662},
  year={1999},
  publisher={IET}
}

@article{solli2007optical,
  title={Optical rogue waves},
  author={Solli, DR and Ropers, C and Koonath, P and Jalali, B},
  journal={Nature},
  volume={450},
  number={7172},
  pages={1054--1057},
  year={2007},
  publisher={Nature Publishing Group}
}

@article{goda2009serial,
  title={Serial time-encoded amplified imaging for real-time observation of fast dynamic phenomena},
  author={Goda, K and Tsia, KK and Jalali, B},
  journal={Nature},
  volume={458},
  number={7242},
  pages={1145--1149},
  year={2009},
  publisher={Nature Publishing Group}
}

@article{goda2012high,
  title={High-throughput single-microparticle imaging flow analyzer},
  author={Goda, Keisuke and Ayazi, Ali and Gossett, Daniel R and Sadasivam, Jagannath and Lonappan, Cejo K and Sollier, Elodie and Fard, Ali M and Hur, Soojung Claire and Adam, Jost and Murray, Coleman and others},
  journal={Proceedings of the National Academy of Sciences},
  volume={109},
  number={29},
  pages={11630--11635},
  year={2012},
  publisher={National Acad Sciences}
}

@article{mahjoubfar2013label,
  title={Label-free high-throughput cell screening in flow},
  author={Mahjoubfar, Ata and Chen, Claire and Niazi, Kayvan R and Rabizadeh, Shahrooz and Jalali, Bahram},
  journal={Biomedical optics express},
  volume={4},
  number={9},
  pages={1618--1625},
  year={2013},
  publisher={Optical Society of America}
}

@inproceedings{chen2014hyper,
  title={Hyper-dimensional analysis for label-free high-throughput imaging flow cytometry},
  author={Chen, Claire and Mahjoubfar, Ata and Huang, Allen and Niazi, Kayvan and Rabizadeh, Shahrooz and Jalali, Bahram},
  booktitle={CLEO: Applications and Technology},
  pages={AW3L--2},
  year={2014},
  organization={Optical Society of America}
}

@article{mahjoubfar2011high,
  title={High-speed nanometer-resolved imaging vibrometer and velocimeter},
  author={Mahjoubfar, Ata and Goda, Keisuke and Ayazi, Ali and Fard, Ali and Kim, Sang Hyup and Jalali, Bahram},
  journal={Applied Physics Letters},
  volume={98},
  number={10},
  pages={101107},
  year={2011},
  publisher={AIP Publishing}
}

@inproceedings{mahjoubfar20133d,
  title={3D ultrafast laser scanner},
  author={Mahjoubfar, A and Goda, K and Wang, C and Fard, A and Adam, J and Gossett, DR and Ayazi, A and Sollier, E and Malik, O and Chen, E and others},
  booktitle={SPIE LASE},
  pages={86110N--86110N},
  year={2013},
  organization={International Society for Optics and Photonics}
}

@inproceedings{Ng2014demonstration,
  title={Demonstration of channel-stitched photonic time stretch analog-to-digital converter with ENOB~\textgreater~8 for a 10 GHz signal bandwidth},
  author={Ng, W and Rockwood, T and Reamon, A},
  booktitle={GOMACTech},
  pages={26.2},
  year={2014},
  organization={US Department of Defense}
}

@article{asghari2014experimental,
  title={Experimental demonstration of optical real-time data compression},
  author={Asghari, Mohammad H and Jalali, Bahram},
  journal={Applied Physics Letters},
  volume={104},
  number={11},
  pages={111101},
  year={2014},
  publisher={AIP Publishing}
}

@article{jalali2014time,
  title={Time--bandwidth engineering},
  author={Jalali, Bahram and Chan, Jacky and Asghari, Mohammad H},
  journal={Optica},
  volume={1},
  number={1},
  pages={23--31},
  year={2014},
  publisher={Optical Society of America}
}

@article{chan2014reconstruction,
  title={Reconstruction in time-bandwidth compression systems},
  author={Chan, Jacky and Mahjoubfar, Ata and Asghari, M and Jalali, Bahram},
  journal={Applied Physics Letters},
  volume={105},
  number={22},
  pages={221105},
  year={2014},
  publisher={AIP Publishing}
}

@article{chen2015optical,
  title = {Optical Data Compression in Time Stretch Imaging},
  author = {Chen, Claire Lifan AND Mahjoubfar, Ata AND Jalali, Bahram},
  journal = {PLoS ONE},
  volume = {10},
  number = {4},
  pages = {e0125106},
  year = {2015},
  publisher = {Public Library of Science}
}        

@article{solli2009optical,
  title={Optical phase recovery in the dispersive Fourier transform},
  author={Solli, DR and Gupta, S and Jalali, B},
  journal={Applied Physics Letters},
  volume={95},
  number={23},
  pages={231108},
  year={2009},
  publisher={AIP Publishing}
}

@article{devore2014coherent,
  title={Coherent time-stretch transform for near-field spectroscopy},
  author={DeVore, Peter TS and Buckley, Brandon W and Asghari, Mohammad H and Solli, Daniel R and Jalali, Bahram},
  journal={IEEE Photonics Journal},
  volume={6},
  pages={3300107},
  year={2014}
}

@article{bosworth2013high,
  title={High-speed ultrawideband photonically enabled compressed sensing of sparse radio frequency signals},
  author={Bosworth, Bryan T and Foster, Mark A},
  journal={Optics letters},
  volume={38},
  number={22},
  pages={4892--4895},
  year={2013},
  publisher={Optical Society of America}
}

@article{valley2012compressive,
  title={Compressive sensing of sparse radio frequency signals using optical mixing},
  author={Valley, George C and Sefler, George A and Shaw, T Justin},
  journal={Optics letters},
  volume={37},
  number={22},
  pages={4675--4677},
  year={2012},
  publisher={Optical Society of America}
}

@article{goda2009theory,
  title={Theory of amplified dispersive Fourier transformation},
  author={Goda, Keisuke and Solli, Daniel R and Tsia, Kevin K and Jalali, Bahram},
  journal={Physical Review A},
  volume={80},
  number={4},
  pages={043821},
  year={2009},
  publisher={APS}
}

@article{walmsley2009characterization,
  title={Characterization of ultrashort electromagnetic pulses},
  author={Walmsley, Ian A and Dorrer, Christophe},
  journal={Advances in Optics and Photonics},
  volume={1},
  number={2},
  pages={308--437},
  year={2009},
  publisher={Optical Society of America}
}

@inproceedings{jaganathan2012phase,
  title={Phase retrieval for sparse signals using rank minimization},
  author={Jaganathan, Kishore and Oymak, Samet and Hassibi, Babak},
  booktitle={Acoustics, Speech and Signal Processing (ICASSP), 2012 IEEE International Conference on},
  pages={3449--3452},
  year={2012},
  organization={IEEE}
}

@article{jalali2014anamorphic,
  title={The Anamorphic Stretch Transform: Putting the Squeeze on "Big Data"},
  author={Jalali, Bahram and Asghari, Mohammad H},
  journal={Optics and Photonics News},
  volume={25},
  number={2},
  pages={24--31},
  year={2014},
  publisher={Optical Society of America}
}

@article{han2005continuous,
  title={Continuous-time time-stretched analog-to-digital converter array implemented using virtual time gating},
  author={Han, Yan and Jalali, Bahram},
  journal={Circuits and Systems I: Regular Papers, IEEE Transactions on},
  volume={52},
  number={8},
  pages={1502--1507},
  year={2005},
  publisher={IEEE}
}
